

@book{Tanenbaum2012,
author = {Tanenbaum, Andrew S. and Wetherall, David J.},
edition = {5},
file = {:Users/julian/Documents/EbooksUndLiteratur/Computer Networks - A Tanenbaum - 5th edition.pdf:pdf},
isbn = {9780132126953},
publisher = {Prentice Hall},
title = {{Computer Networks}},
year = {2012}
}
@article{Lamport1978,
author = {Lamport, Leslie},
doi = {10.1145/359545.359563},
file = {:Users/julian/Documents/EbooksUndLiteratur/time-clocks.pdf:pdf},
issn = {00010782},
journal = {Communications of the ACM},
keywords = {and phrases,clock synchronization,computer networks,distributed systems,multiprocess},
mendeley-groups = {Parallele und Verteilte Systeme},
month = jul,
number = {7},
pages = {558--565},
title = {{Time, clocks, and the ordering of events in a distributed system}},
volume = {21},
year = {1978}
}




